@misc{gcc,
title = {{GNU gcc}},
note = {on-line at: \url{http://gcc.gnu.org/}},
     author = {Free Software Foundation},
     year = {2013}
}

@book{cooper2022engineering,
  title={Engineering a Compiler},
  author={Cooper, K.D. and Torczon, L.},
  isbn={9780128189269},
  url={https://books.google.rs/books?id=xcJrEAAAQBAJ},
  year={2022},
  publisher={Elsevier Science}
}

@book{brown2011architecture,
  title={The Architecture of Open Source Applications: Elegance, Evolution, and a Few Fearless Hacks},
  series={The Achrictecture of Open Source Applications},
  chapter = {11},
  author={Brown, Amy and Wilson, Greg},
  isbn={9781257638017},
  year={2011},
  publisher={Creative Commons}
}

@misc{llvm,
  title={{The LLVM Compiler Infrastructure}},
  note={on-line at: \url{https://llvm.org/}},
  author={The LLVM Foundation}
}

@misc{lldb,
  title={{The LLDB Debugger}},
  note={on-line at: \url{https://lldb.llvm.org/}},
  author={The LLVM Foundation}
}

@misc{llvmlangref,
  title={{LLVM Language Reference Manual}},
  note={on-line at: \url{https://llvm.org/docs/LangRef.html}},
  author={The LLVM Foundation}
}

@misc{mirlangref,
  title={{Machine IR (MIR) Format Reference Manual}},
  note={on-line at: \url{https://www.llvm.org/docs/MIRLangRef.html}},
  author={The LLVM Foundation}
}

@book{pandey2017cookbook,
  title={LLVM cookbook: Over 80 engaging recipes that will help you build a compiler frontend, optimizer, and code generator using LLVM},
  author={Pandey, Mayur and Sarda, Suyog},
  isbn={9788960772106},
  year={2017},
  publisher={PACKT}
}

@book{aho2006compilers,
  title={Compilers: Principles, Techniques, and Tools},
  author={Aho, Alfred V. and Lam, Monica S. and Sethi, Ravo and Ullman, Jeffrey D.},
  year={2006},
  isbn={9780321486813},
  publisher={Addison Wesley},
  edition        = {2nd edition},
}

@book{lopes2014llvmcorelibs,
author = {Lopes, Bruno Cardoso and Auler, Rafael},
title = {Getting Started with LLVM Core Libraries},
year = {2014},
isbn = {1782166920},
publisher = {Packt Publishing},
abstract = {Get to grips with LLVM essentials and use the core libraries to build advanced tools About This BookLearn how to configure, build, and use LLVM and Clang based toolsExplore the depths of the LLVM front-end, IR, code generator, and libraries, and learn how a modern compiler is implemented in a practical way.Customize your project to benefit from Just in Time compilation (JIT), static analysis and source-to-source transformations.Who This Book Is ForThis book is intended for enthusiasts, computer science students, and compiler engineers interested in learning about the LLVM framework. You need a background in C++ and, although not mandatory, should know at least some compiler theory. Whether you are a newcomer or a compiler expert, this book provides a practical introduction to LLVM and avoids complex scenarios. If you are interested enough and excited about this technology, then this book is definitely for you. In Detail LLVM is a bleeding edge compiler technology framework. Easily extendable and designed as a multitude of libraries, LLVM provides a smooth experience for compiler newcomers and reduces the steep learning curve often associated with compiler development.To start, this book will show you how to configure, build, and install LLVM libraries, tools, and external projects. Next, you will be introduced to LLVM design and how it works in practice throughout each LLVM compiler stage: frontend, IR, backend, the JIT engine, cross-compilation capabilities, and the plugin interface. With multiple hands-on examples and source code snippets, Getting Started with LLVM Core Libraries ensures a solid and smooth first step into the LLVM compiler development environment.}
}

@misc{eager2012introduction_dwarf,
  title={{Introduction to the DWARF Debugging Format}},
  author={Michael J. Eager},
  year         = {2012}
}


@techreport{stulova2019overview,
  title={An Overview of Clang},
  author={Stulova, Anastasia and van Haastregt, Sven},
  institution={Arm, Cambridge, UK},
  year={2019}
}


@book{ukkonen1993suffix,
  title={On-line Construction of Suffix-trees},
  author={Ukkonen, E.},
  isbn={9789514563843},
  series={Series of publications / University of Helsinki, Department of Computer Science. A},
  url={https://books.google.rs/books?id=01O5AAAACAAJ},
  year={1993},
  publisher={University of Helsinki, Department of Computer Science}
}

@book{grune2012design,
author = {Grune, Dick and Reeuwijk, Kees van and Bal, Henri E. and Jacobs, Ceriel J.H. and Langendoen, Koen},
title = {Modern Compiler Design},
year = {2012},
isbn = {1461446988},
publisher = {Springer Publishing Company, Incorporated},
edition = {2nd},
abstract = {"Modern Compiler Design" makes the topic of compiler design more accessible by focusing on principles and techniques of wide application. By carefully distinguishing between the essential (material that has a high chance of being useful) and the incidental (material that will be of benefit only in exceptional cases) much useful information was packed in this comprehensive volume. The student who has finished this book can expect to understand the workings of and add to a language processor for each of the modern paradigms, and be able to read the literature on how to proceed. The first provides a firm basis, the second potential for growth.}
}

@inproceedings{Zhao2010FunctionO,
  title={Function Outlining},
  author={Peng Zhao and Jos{\'e} Nelson Amaral},
  year={2010}
}

@article{Zhao2005FunctionOA,
  title={Function outlining and partial inlining},
  author={Peng Zhao and Jos{\'e} Nelson Amaral},
  journal={17th International Symposium on Computer Architecture and High Performance Computing (SBAC-PAD'05)},
  year={2005},
  pages={101-108}
}

@misc{paquette2016machineoutliner,
  title={{Interprocedural MIR-level outlining pass}},
  author={Jessica Paquette},
  note={on-line at: \url{https://lists.llvm.org/pipermail/llvm-dev/2016-August/104170.html}},
  year={2016}
}

@misc{litteken2020iroutliner,
  title={{Framework for Finding and Using Similarity at the IR Level}},
  author={Andrew Litteken},
  note={on-line at: \url{https://lists.llvm.org/pipermail/llvm-dev/2020-September/144779.html}},
  year={2020}
}

@manual{dwarf5,
  title={DWARF Debugging Information Format Version 5},
  organization={DWARF Debugging Information Format Committee},
  date={February 13, 2017},
  url={https://dwarfstd.org/dwarf5std.html}
}

@book{sarda2015llvm_essentials,
  title={LLVM Essentials},
  author={Sarda, S. and Pandey, M.},
  isbn={9781785280801},
  series={Community experience distilled},
  url={https://books.google.rs/books?id=sGhmjwEACAAJ},
  year={2015},
  publisher={Packt Publishing}
}

@misc{sowda2019entryvalues,
  author       = {Sowda, Ananth and Todorovic, Djordje and Prica, Nikola and Baev, Ivan},
  howpublished = {},
  title        = {Improving LLVM DebugInfo to Recover Optimized-out Function Parameters},
  year         = {2019}
}

% Unused. This is the gcc implementation
% https://gcc.gnu.org/wiki/summit2010
% https://gcc.gnu.org/wiki/summit2010?action=AttachFile&do=get&target=jelinek.pdf
@inproceedings{jelinek2010entryvalues,
  author          = {Jelínek, Jakub},
  booktitle       = {GCC Summit 2010},
  editor          = {},
  title           = {Improving debug info for optimized away parameters},
  year            = {2010}
}

@online{jelinek2010callsite,
  title={Representation of call sites in the debugging information},
  author={Jelinek, Jakub},
  year={2010},
  url={https://dwarfstd.org/issues/100909.2.html}
}

@online{jelinek2010entryvalue,
  title={Tracking of values passed as arguments to functions in debug information},
  author={Jelinek, Jakub},
  year={2010},
  url={https://dwarfstd.org/issues/100909.1.html}
}

@mastersthesis{tomasevic2022autlajning,
  author  = {Vojislav Tomašević},
  school  = {Elektrotehnički fakultet, Univerzitet u Beogradu},
  title   = {Unapređenje infrastrukture LLVM dodavanjem informacija za otklanjanje grešaka prilikom autlajning optimizacije},
  year    = {2022}
}

@techreport{ISO:C99,
  abstract = {This is the "combined C99 + TC1 + TC2, WG14 N1124, dated 2005-05-06. This is a WG14 working paper, but it reflects the consolidated standard at the time of issue."},
  author = {ISO},
  description = {C Language ISO 1999},
  editor = {WG14},
  keywords = {c c99 iso standard},
  note = {ISO/IEC 9899:1999 draft},
  title = {{ISO C Standard 1999}},
  url = {http://www.open-std.org/jtc1/sc22/wg14/www/docs/n1124.pdf},
  year = 1999
}

@unpublished{zivkovicalgoritmi,
  author = {Živković, Miodrag and Marinković, Vesna},
  note   = {Materijal sa predavanja},
  title  = {Konstrukcija i Analiza Algoritama 2},
  year   = {2022}
}

@misc{lit,
  title={{lit - LLVM Integrated Tester}},
  note={on-line at: \url{https://www.llvm.org/docs/CommandGuide/lit.html}},
  author={The LLVM Foundation}
}

@misc{filecheck,
  title={{FileCheck - Flexible pattern matching file verifier}},
  note={on-line at: \url{https://www.llvm.org/docs/CommandGuide/FileCheck.html}},
  author={The LLVM Foundation}
}