@inproceedings{PetrovicMikic2015,
author = {Petar Petrovi{\'c} and Mika Miki{\'c}},
title = {Nau{\v c}ni rad},
booktitle = {Konferencija iz matematike i ra{\v c}unarstva},
year = {2015},
editor = {Miloje Milojevi{\'c}},
language = {serbian},
hyphenation = {serbian}
}

@article{GuSh:243,
author = {Gurevich, Yuri and Shelah, Saharon},
ams-subject = {(05C80)},
fromwhere = {1,IL},
journal = {SIAM Journal on Computing},
review = {MR 88i:05162},
pages = {486--502},
title = {{Expected computation time for Hamiltonian path problem}},
volume = {16},
year = {1987},
language = {english},
hyphenation = {english}
}

@misc{gcc,
title = {{GNU gcc}},
note = {on-line at: \url{http://gcc.gnu.org/}},
     author = {Free Software Foundation},
     year = {2013}
}

@book{cooper2022engineering,
  title={Engineering a Compiler},
  author={Cooper, K.D. and Torczon, L.},
  isbn={9780128189269},
  url={https://books.google.rs/books?id=xcJrEAAAQBAJ},
  year={2022},
  publisher={Elsevier Science}
}

@book{ukkonen1993suffix,
  title={On-line Construction of Suffix-trees},
  author={Ukkonen, E.},
  isbn={9789514563843},
  series={Series of publications / University of Helsinki, Department of Computer Science. A},
  url={https://books.google.rs/books?id=01O5AAAACAAJ},
  year={1993},
  publisher={University of Helsinki, Department of Computer Science}
}

@online{paquette2016machineoutliner,
  title={Interprocedural MIR-level outlining pass},
  author={Jessica Paquette},
  url={https://lists.llvm.org/pipermail/llvm-dev/2016-August/104170.html},
  year={2016}
}

@online{litteken2020iroutliner,
  title={Framework for Finding and Using Similarity at the IR Level},
  author={Andrew Litteken},
  url={https://lists.llvm.org/pipermail/llvm-dev/2020-September/144779.html},
  year={2020}
}

@manual{dwarf5,
  title={DWARF Debugging Information Format Version 5},
  organization={DWARF Debugging Information Format Committee},
  date={February 13, 2017},
  url={https://dwarfstd.org/dwarf5std.html}
}