@misc{llvm,
  title = {The LLVM Compiler Infrastructure},
  howpublished = {\url{https://llvm.org/}}
}

@misc{dwarf,
  title = {The DWARF Debugging Standard},
  howpublished = {\url{https://dwarfstd.org/}},
}